@book{yolkin1997,
  title={Редукция нелинейных управляемых систем. Дифференциально"=геометрический подход},
  author={Ёлкин, Владимир Иванович},
  pagetotal={320},
  year={1997},
  address={M.},
  publisher={Наука},
  langid={russian},
}

@book{esin1950,
  title={Физическая химия пирометаллургических процессов},
  author={Есин, Олег Алексеевич},
  year={1950},
  address={M.},
  publisher={Государственное научно-техническое издательство литературы по черной и цветной металлургии},
  langid={russian},
}

@book{kondratiev1974,
  title={Кинетика и механизм газофазных реакций},
  author={Кондратьев, Виктор Николаевич and Никитин, Евгений Евгеньевич},
  year={1974},
  address={M.},
  publisher={Наука},
  language={russian},
  langid={russian},
}

@book{yushchenko1963,
  title={Адресное программирование},
  author={Ющенко, Екатерина Логвиновна},
  year={1963},
  address={M.},
  publisher={Государственное издательство технической литературы},
  langid={russian},
}

@book{eliseeva2010,
  title={Статистика},
  author={Елисеева, Ирина Ильинична},
  year={2010},
  publisher={Издательский дом «Питер»},
  language={russian},
}

@book{chebyshev1859,
  title={О правѣ наказанія: Рѣчь, произнесенная в торжественном собраніи Демидовскаго лицея 29 ноября, 1859 года},
  author={Чебышев-Дмитриев, Александр},
  url={http://books.google.it/books?id=uCYYAAAAYAAJ},
  year={1859},
  publisher={Фальк},
  language={russian},
}

@book{chebyshev1849,
  title={Теорія сравненій},
  author={Чебышев, Пафнутий Львович},
  url={http://books.google.it/books?id=Sv7uAAAAMAAJ},
  year={1849},
  publisher={В тип. Императорской Академіи Наук},
  language={russian},
}

@book{romer1996,
  title={Advanced Macroeconomic Theory},
  author={Romer, David and Chow, Chs},
  year={1996},
  publisher={Mcgraw-hill},
  language={english},
}

@book{katishev2005,
  title={Сборник задач к начальному курсу эконометрики},
  author={Катышев, Павел Константинович and Магнус, Ян Р. and Пересецкий, Анатолий Абрамович and Головань, Сергей Витальевич},
  address={M.},
  publisher={Дело},
  year={2005},
  edition={4},
  language={russian},
}
